<record><leader>00000cas a2200000 a 4500</leader><controlfield tag="001">8823154</controlfield><controlfield tag="008">821001d19681982utuer ne      0   a0eng d</controlfield><datafield ind1=" " ind2=" " tag="010"><subfield code="a">sn 85058207 </subfield></datafield><datafield ind1=" " ind2=" " tag="040"><subfield code="a">WIH</subfield><subfield code="b">eng</subfield><subfield code="c">WIH</subfield><subfield code="d">UNP</subfield><subfield code="d">OCL</subfield><subfield code="d">OCLCF</subfield><subfield code="d">OCLCO</subfield></datafield><datafield ind1=" " ind2=" " tag="042"><subfield code="a">msc</subfield></datafield><datafield ind1=" " ind2=" " tag="043"><subfield code="a">n-us-ut</subfield></datafield><datafield ind1=" " ind2=" " tag="045"><subfield code="a">x-x-</subfield></datafield><datafield ind1=" " ind2=" " tag="052"><subfield code="a">4343</subfield><subfield code="b">T6</subfield></datafield><datafield ind1="0" ind2="4" tag="245"><subfield code="a">The Deseret sampler.</subfield></datafield><datafield ind1=" " ind2=" " tag="260"><subfield code="a">Dugway, Utah :</subfield><subfield code="b">Transcript-Bulletin Pub. Co.,</subfield><subfield code="c">1968-1982.</subfield></datafield><datafield ind1=" " ind2=" " tag="300"><subfield code="a">v. :</subfield><subfield code="b">ill. ;</subfield><subfield code="c">58 cm.</subfield></datafield><datafield ind1=" " ind2=" " tag="310"><subfield code="a">Biweekly</subfield></datafield><datafield ind1="0" ind2=" " tag="362"><subfield code="a">Vol. 1, no. 1 (July 19, 1968)- ; -Mar. 12, 1982.</subfield></datafield><datafield ind1=" " ind2=" " tag="500"><subfield code="a">Issued for personnel at Deseret Test Center in both Dugway and Fort Douglas [Salt Lake City], Utah, July 19, 1968-July 6, 1973; issued for personnel at Dugway Proving Ground [formerly the Deseret Test Center] in Dugway only, July 20, 1973-Mar. 12, 1982.</subfield></datafield><datafield ind1=" " ind2=" " tag="530"><subfield code="a">Available on microfilm from the State Historical Society of Wisconsin.</subfield></datafield><datafield ind1=" " ind2=" " tag="580"><subfield code="a">Printed in Tooele, Utah at the office of: Tooele bulletin (Tooele, Utah : 1957), and: Tooele transcript (Tooele, Utah : 1957).</subfield></datafield><datafield ind1=" " ind2="0" tag="650"><subfield code="a">Military bases</subfield><subfield code="z">Utah</subfield><subfield code="z">Dugway</subfield><subfield code="v">Periodicals.</subfield></datafield><datafield ind1=" " ind2="0" tag="651"><subfield code="a">Dugway Proving Ground (Utah)</subfield><subfield code="v">Periodicals.</subfield></datafield><datafield ind1=" " ind2="7" tag="655"><subfield code="a">Periodicals.</subfield><subfield code="2">fast</subfield><subfield code="0">(OCoLC)fst01411641</subfield></datafield><datafield ind1=" " ind2="7" tag="650"><subfield code="a">Military bases.</subfield><subfield code="2">fast</subfield><subfield code="0">(OCoLC)fst01020986</subfield></datafield><datafield ind1=" " ind2="7" tag="651"><subfield code="a">Utah</subfield><subfield code="z">Dugway.</subfield><subfield code="2">fast</subfield><subfield code="0">(OCoLC)fst01873609</subfield></datafield><datafield ind1=" " ind2="7" tag="651"><subfield code="a">Utah</subfield><subfield code="z">Dugway Proving Ground.</subfield><subfield code="2">fast</subfield><subfield code="0">(OCoLC)fst01692603</subfield></datafield><datafield ind1=" " ind2=" " tag="752"><subfield code="a">United States</subfield><subfield code="b">Utah</subfield><subfield code="c">Tooele</subfield><subfield code="d">Dugway.</subfield></datafield><datafield ind1=" " ind2=" " tag="752"><subfield code="a">United States</subfield><subfield code="b">Utah</subfield><subfield code="c">Tooele</subfield><subfield code="d">Tooele.</subfield></datafield><datafield ind1="0" ind2="0" tag="780"><subfield code="t">Test run</subfield><subfield code="w">(DLC)sn 85058206</subfield><subfield code="w">(OCoLC)12359388</subfield></datafield><datafield ind1="0" ind2="0" tag="785"><subfield code="t">Sampler (Dugway, Utah)</subfield><subfield code="w">(DLC)sn 85058208</subfield><subfield code="w">(OCoLC)10188190</subfield></datafield><datafield ind1="1" ind2=" " tag="787"><subfield code="t">Tooele bulletin</subfield><subfield code="w">(DLC)sn 86091012</subfield><subfield code="w">(OCoLC)13018831</subfield></datafield><datafield ind1="1" ind2=" " tag="787"><subfield code="t">Tooele transcript</subfield><subfield code="w">(DLC)sn 86091013</subfield><subfield code="w">(OCoLC)13018839</subfield></datafield></record>